@article{cern:new-cmw,
	author = "Dworak, A. and Ehm, F. and Charrue, P. and Sliwinski, W.",
	title = "The new {CERN} Controls Middleware",
	year = "2012",
	journal = "Journal of Physics: Conference Series",
	volume = "396",
	number = "012017",
	url = "http://iopscience.iop.org/article/10.1088/1742-6596/396/1/012017/pdf",
	urldate = {2016-10-06}
}
@online{rb:style-guide,
	title = "Ruby Style Guide",
	author = "Batsov, B.",
	url = "https://github.com/bbatsov/ruby-style-guide",
	urldate = {2016-10-06}
}

% TODO: hsr:thesis-rules (HSR BA-Reglement)

@manual{opc-ua:behavior:server-redundancy,
	title = "OPC Unified Architecture",
	author = "OPC Foundation",
	edition = "Part 4: Services",
	year = "2015",
	month = "July",
	url = "https://opcfoundation.org/developer-tools/specifications-unified-architecture/part-4-services/",
	urldate = {2016-10-06}
}
