@ONLINE{zeromq,
url = {http://zeromq.org/}
}

@ONLINE{czmq,
url = {http://czmq.zeromq.org}
}

@ONLINE{reactivemanifesto,
	url = {http://www.reactivemanifesto.org/}
}
@ONLINE{opc-ua,
	url = {https://opcfoundation.org/about/opc-technologies/opc-ua/}
}
@ONLINE{zguide:clone-pattern,
	url = {http://zguide.zeromq.org/page:all#Reliable-Pub-Sub-Clone-Pattern}
}
@ONLINE{zguide:binary-star,
	url = {http://zguide.zeromq.org/page:all#High-Availability-Pair-Binary-Star-Pattern}
}
@ONLINE{zguide:adding-binary-star,
	url = {http://zguide.zeromq.org/page:all#Adding-the-Binary-Star-Pattern-for-Reliability}
}
@ONLINE{github:ffi-rzmq,
	url = {https://github.com/chuckremes/ffi-rzmq}
}
@ONLINE{github:cztop,
	url = {https://github.com/paddor/cztop}
}
@ONLINE{gem:eventmachine,
	url = {http://www.rubydoc.info/gems/eventmachine}
}
@ONLINE{ua-server-sdk,
	url = {https://www.unified-automation.com/products/server-sdk/c-ua-server-sdk.html}
}
@ONLINE{github:rbplusplus,
	url = {https://github.com/jasonroelofs/rbplusplus}
}

@ONLINE{wiki:reactor-pattern,
	url = {https://en.wikipedia.org/wiki/Reactor_pattern}
}

@ONLINE{wiki:shared-nothing,
	url = {https://en.wikipedia.org/wiki/Shared_nothing_architecture}
}

@ONLINE{wiki:actor-model,
	url = {https://en.wikipedia.org/wiki/Actor_model}
}

@ONLINE{igvita:concurrency,
	url = {https://www.igvita.com/2010/12/02/concurrency-with-actors-goroutines-ruby/}
}

@ONLINE{wiki:isc-license,
	url = {https://en.wikipedia.org/wiki/ISC_license}
}

@ONLINE{hsr:general,
	url = {https://www.hsr.ch/Allgemeine-Infos-Bachelor-und.4418.0.html}
}

@ONLINE{hsr:dates,
	url = {https://www.hsr.ch/Termine-Diplom-Bachelor-und.5142.0.html}
}

@ONLINE{hsr:rules,
	url = {https://www.hsr.ch/Ablaeufe-und-Regelungen-Studie.7479.0.html}
}
